% Encoding: UTF-8

@Book{AngristPischke2008,
  title     = {Mostly Harmless Econometrics: An Empiricist's Companion},
  publisher = {Princeton University Press},
  year      = {2008},
  author    = {Angrist, Joshua D. and Pischke, J\"{o}rn-Steffen},
  address   = {Princeton, NJ},
  file      = {:Angrist, Pishcke.pdf:PDF},
  keywords  = {ExposurePreferences, Syllabi},
  owner     = {Thomas},
  timestamp = {2013.12.11},
}

@Article{Holland1986,
  author    = {Holland, Paul W.},
  title     = {Statistics and Causal Inference},
  journal   = {Journal of the American Statistical Association},
  year      = {1986},
  volume    = {81},
  number    = {396},
  pages     = {945--960},
  issn      = {0162-1459},
  annote    = {From Duplicate 1 ( Statistics and Causal Inference - Holland, Paul W. ) From Duplicate 1 ( Statistics and Causal Inference - Holland, Paul W. )},
  file      = {:Holland (JASA, 1986) with Comments.pdf:pdf;:Holland (J Am Stat Assoc, 1986).pdf:pdf;:Holland (JASA, 1986).pdf:pdf},
  keywords  = {Self-SelectedTreatmentEffects, ObservedSelectiveExposure, association, causal effect, causal model, experiments, methods, mill, Dissertation, Syllabi, path diagrams, philosophy, probabilistic causality},
  owner     = {Thomas},
  publisher = {JSTOR},
  timestamp = {2013.12.11},
  url       = {http://www.jstor.org/stable/2289064},
}

@Book{ShadishCookCampbell2001,
  title     = {Experimental and Quasi-Experimental Designs for Generalized Causal Inference},
  publisher = {Houghton-Mifflin},
  year      = {2001},
  author    = {Shadish, William R. and Cook, Thomas D. and Campbell, Donald T.},
  address   = {Boston, MA},
  isbn      = {0395615569},
  keywords  = {Self-SelectedTreatmentEffects, Syllabi, ParallelExperiment, Dissertation, PoliticalGroups, methods},
  owner     = {Thomas},
  timestamp = {2013.12.11},
  url       = {http://www.amazon.com/Experimental-Quasi-Experimental-Designs-Generalized-Inference/dp/0395615569},
}

@Book{Desposato2015,
  title     = {Ethics and Experiments},
  publisher = {Taylor \& Francis Ltd},
  year      = {2015},
  editor    = {Desposato, Scott},
  isbn      = {1138909165},
  date      = {2015-12-22},
  ean       = {9781138909168},
  pagetotal = {350},
  url       = {http://www.ebook.de/de/product/24119521/ethics_and_experiments.html},
}

@Book{Dunning2012,
  title     = {Natural Experiments in the Social Sciences},
  publisher = {Cambridge University Press},
  year      = {2012},
  author    = {Dunning, Thad},
  isbn      = {1107698006},
  date      = {2012-08-11},
  ean       = {9781107698000},
  url       = {http://www.ebook.de/de/product/19136804/thad_dunning_natural_experiments_in_the_social_sciences.html},
}

@Book{Cartwright2007,
  title     = {Hunting Causes and Using Them},
  publisher = {Cambridge University Press},
  year      = {2007},
  author    = {Cartwright, Nancy},
  isbn      = {052167798X},
  date      = {2007-05-31},
  ean       = {9780521677981},
  pagetotal = {282},
  url       = {http://www.ebook.de/de/product/5470291/nancy_cartwright_hunting_causes_and_using_them.html},
}

@Book{ImbensRubin2015,
  title     = {Causal Inference in Statistics, Social, and Biomedical Sciences},
  publisher = {Cambridge University Press},
  year      = {2015},
  author    = {Imbens, Guido W. and Rubin, Donald B.},
  isbn      = {9780521885881},
  lccn      = {2014020988},
  timestamp = {2015.07.15},
  url       = {https://books.google.com/books?id=Bf1tBwAAQBAJ},
}

@Book{Druckmanetal2011,
  title     = {Cambridge Handbook of Experimental Political Science},
  publisher = {Cambridge University Press},
  year      = {2011},
  author    = {Druckman, James N. and Green, Donald P. and Kuklinski, James H. and Lupia, Arthur},
  address   = {New York},
  file      = {:Cambridge Handbook of Experimental Political Science 2010-08-15.pdf:pdf},
  keywords  = {Dissertation, Syllabi, ParallelExperiment, methods},
  owner     = {Thomas},
  timestamp = {2013.12.11},
}

@Book{MorganWinship2015,
  title     = {Counterfactuals and Causal Inference: Methods and Principles for Social Research},
  publisher = {Cambridge University Press},
  year      = {2015},
  author    = {Morgan, Stephen L. and Winship, Christopher},
  address   = {New York},
  edition   = {2nd},
  isbn      = {1107694167},
  date      = {2015-10-11},
  ean       = {9781107694163},
  file      = {:Morgan, Winship (2007) - Counterfactual and Causal Inference.pdf:pdf},
  keywords  = {methods, prospectus, Syllabi, Dissertation},
  owner     = {Thomas},
  pagetotal = {328},
  timestamp = {2013.12.11},
  url       = {http://books.google.com/books?hl=en\&amp;lr=\&amp;id=lFTP49c5wJoC\&amp;oi=fnd\&amp;pg=PA1\&amp;dq=Counterfactuals+and+Causal+Inference\&amp;ots=Qk0Q33xKbJ\&amp;sig=pNIeddkdYc5kHPwd9GWWKWKvll8},
}

@Book{CartwrightHardie2012,
  title     = {Evidence-based Policy: A Practical Guide to Doing it Better},
  publisher = {Oxford University Press},
  year      = {2012},
  author    = {Cartwright, Nancy and Hardie, Jeremy},
  isbn      = {0199841624},
  date      = {2012-12-07},
  ean       = {9780199841622},
  pagetotal = {208},
  url       = {http://www.ebook.de/de/product/20309425/nancy_cartwright_jeremy_hardie_evidence_based_policy.html},
}

@Book{GerberGreen2012,
  title     = {Field Experiments: Design, Analysis, and Interpretation},
  publisher = {W.W. Norton},
  year      = {2012},
  author    = {Gerber, Alan S. and Green, Donald P.},
  chapter   = {9},
  file      = {:Gerber, Green (Book Ch 9, 2011) - Heterogeneous Treatment Effectcs.pdf:PDF;:Gerber, Green (Book Ch 2, 2012).pdf:PDF;:Gerber, Green (Book, 2012).pdf:PDF},
  keywords  = {ParallelExperiment, Syllabi},
  owner     = {Thomas},
  timestamp = {2013.12.11},
}

@Comment{jabref-meta: databaseType:bibtex;}
